\begin{thebibliography}{99}
\setlength{\parskip}{1em}


@Book{Ashcroft,
  author = 	 {N.W. Ashcroft and N.D. Mermin},
  title = 	 {{Solid State Physics}},
  publisher = 	 {Saunders College},
  year = 	 1976,
  address = 	 {Philadelphia},
}


@Book{Pethick,
  author = 	 {C.J. Pethick and H. Smith},
  title = 	 {{Bose-Einstein Condensation of Dilute Gases}},
  publisher = 	 {Cambridge University Press},
  year = 	 2002,
  address = 	 {Cambridge, UK},
}

@article{Marzari2012,
  title = {Maximally localized Wannier functions: Theory and applications},
  author = {Marzari, Nicola and Mostofi, Arash A. and Yates, Jonathan R. and Souza, Ivo and Vanderbilt, David},
  journal = {Rev. Mod. Phys.},
  volume = {84},
  issue = {4},
  pages = {1419--1475},
  numpages = {0},
  year = {2012},
  month = {Oct},
  publisher = {American Physical Society},
  doi = {10.1103/RevModPhys.84.1419}
}

@article{Karina2012,
  title = {Peierls Substitution in an Engineered Lattice Potential},
  author = {Jim\'enez-Garc\'{\i}a, K. and LeBlanc, L. J. and Williams, R. A. and Beeler, M. C. and Perry, A. R. and Spielman, I. B.},
  journal = {Phys. Rev. Lett.},
  volume = {108},
  issue = {22},
  pages = {225303},
  numpages = {5},
  year = {2012},
  month = {May},
  publisher = {American Physical Society},
  doi = {10.1103/PhysRevLett.108.225303}
}

@misc{Steck,
  title = {Rubidium 87 D Line Data},
  author = {Daniel Adam Steck},
  howpublished = {Available online, http://steck.us/alkalidata},
  note = {revision 2.1.5},
  month = {April},
  year = {2018}
}


@misc{SteckTextbook,
  title = {Quantum and Atom Optics},
  author = {Daniel Adam Steck},
  howpublished = {Available online at http://steck.us/teaching},
  note = {revision 0.12.2},
  month = {January},
  year = {2015}
}

@article{Egorov2013,
  title = {Measurement of $s$-wave scattering lengths in a two-component Bose-Einstein condensate},
  author = {Egorov, M. and Opanchuk, B. and Drummond, P. and Hall, B. V. and Hannaford, P. and Sidorov, A. I.},
  journal = {Phys. Rev. A},
  volume = {87},
  issue = {5},
  pages = {053614},
  numpages = {10},
  year = {2013},
  month = {May},
  publisher = {American Physical Society},
  doi = {10.1103/PhysRevA.87.053614}
}

@article{Lin2009,
  title = {Rapid production of $^{87}\text{R}\text{b}$ Bose-Einstein condensates in a combined magnetic and optical potential},
  author = {Lin, Y.-J. and Perry, A. R. and Compton, R. L. and Spielman, I. B. and Porto, J. V.},
  journal = {Phys. Rev. A},
  volume = {79},
  issue = {6},
  pages = {063631},
  numpages = {8},
  year = {2009},
  month = {Jun},
  publisher = {American Physical Society},
  doi = {10.1103/PhysRevA.79.063631}
}

@article{Genkina2015,
  title = {Feshbach enhanced s-wave scattering of fermions: direct observation with optimized absorption imaging},
  author = {Genkina, D. and Aycock, L. M. and Stuhl, B. K. and Lu, H-I and Williams, R. A. and Spielman, I. B.},
  journal = {New Journal of Physics},
  volume = {18},
  issue = {January2016},
  pages = {013001},
  year = {2015},
  month = {Dec},
  publisher = {IOP Publishing Ltd and Deutsche Physikalische Gesellschaft},
  doi = {10.1088/1367-2630/18/1/013001}
}

@article{Brink2006,
  title = {Majorana spin-flip transitions in a magnetic trap},
  author = {Brink, D. M. and Sukumar, C. V.},
  journal = {Phys. Rev. A},
  volume = {74},
  issue = {3},
  pages = {035401},
  numpages = {4},
  year = {2006},
  month = {Sep},
  publisher = {American Physical Society},
  doi = {10.1103/PhysRevA.74.035401}
}


@article{Sukumar1997,
  title = {Spin-flip transitions in a magnetic trap},
  author = {Sukumar, C. V. and Brink, D. M.},
  journal = {Phys. Rev. A},
  volume = {56},
  issue = {3},
  pages = {2451--2454},
  numpages = {0},
  year = {1997},
  month = {Sep},
  publisher = {American Physical Society},
  doi = {10.1103/PhysRevA.56.2451}
}

@article{Majorana1932,
  title = {Atomi orientati in campo magnetico variabile},
  author = {Majorana, E.},
  journal = {Nuovo Cimento},
  volume = {9},
  issue = {2},
  pages = {43--50},
  numpages = {7},
  year = {1932},
  month = {Feb},
  publisher = {Societ√† Italiana di Fisica},
  doi = {10.1007/BF02960953}
}

\end{thebibliography}